<record><leader>00000cas a2200000 a 4500</leader><controlfield tag="001">65391601</controlfield><controlfield tag="006">m     o  d        </controlfield><controlfield tag="007">cr bnu||||||||</controlfield><controlfield tag="008">060331d18441844nyuwr nso     0    0eng c</controlfield><datafield ind1=" " ind2=" " tag="010"><subfield code="a">  2006255188</subfield></datafield><datafield ind1=" " ind2=" " tag="040"><subfield code="a">ZCU</subfield><subfield code="b">eng</subfield><subfield code="c">ZCU</subfield><subfield code="d">GUA</subfield><subfield code="d">OCLCQ</subfield><subfield code="d">OCLCF</subfield><subfield code="d">OCLCO</subfield><subfield code="d">OCLCA</subfield></datafield><datafield ind1="1" ind2=" " tag="029"><subfield code="a">AU@</subfield><subfield code="b">000040189533</subfield></datafield><datafield ind1=" " ind2=" " tag="042"><subfield code="a">pcc</subfield></datafield><datafield ind1=" " ind2=" " tag="043"><subfield code="a">n-us-ny</subfield></datafield><datafield ind1="1" ind2="4" tag="050"><subfield code="a">AP2</subfield></datafield><datafield ind1="0" ind2=" " tag="130"><subfield code="a">Subterranean and the Working man's advocate (Online)</subfield></datafield><datafield ind1="1" ind2="4" tag="245"><subfield code="a">The Subterranean and the Working man's advocate</subfield><subfield code="h">[electronic resource] /</subfield><subfield code="c">organ of the National Reform Association.</subfield></datafield><datafield ind1="1" ind2=" " tag="246"><subfield code="i">Collection title on website under:</subfield><subfield code="a">Subterranean united with the Working man's advocate</subfield></datafield><datafield ind1="3" ind2="0" tag="246"><subfield code="a">Subterranean</subfield></datafield><datafield ind1="3" ind2="0" tag="246"><subfield code="a">Working man's advocate</subfield></datafield><datafield ind1=" " ind2=" " tag="260"><subfield code="a">New York :</subfield><subfield code="b">George H. Evans,</subfield><subfield code="c">1844.</subfield></datafield><datafield ind1=" " ind2=" " tag="310"><subfield code="a">Weekly</subfield></datafield><datafield ind1="0" ind2=" " tag="362"><subfield code="a">New ser., v. 1, no. 34 (Nov. 16, 1844)-n.s., v. 1, no. 39 (Dec. 21, 1844).</subfield></datafield><datafield ind1=" " ind2=" " tag="500"><subfield code="a">"Labor."</subfield></datafield><datafield ind1=" " ind2=" " tag="500"><subfield code="a">Title from PDF cover (Proquest, viewed Mar. 31, 2006).</subfield></datafield><datafield ind1=" " ind2=" " tag="530"><subfield code="a">Also issued in print and on microfilm.</subfield></datafield><datafield ind1=" " ind2=" " tag="538"><subfield code="a">Mode of access: World Wide Web.</subfield></datafield><datafield ind1=" " ind2=" " tag="580"><subfield code="a">Split into: Subterranean (New York, N.Y. : 1844 : Online) and Working man's advocate (New York, N.Y. : Dec. 1844 : Online).</subfield></datafield><datafield ind1=" " ind2="0" tag="651"><subfield code="a">New York (N.Y.)</subfield><subfield code="v">Newspapers.</subfield></datafield><datafield ind1=" " ind2="0" tag="651"><subfield code="a">New York County (N.Y.)</subfield><subfield code="v">Newspapers.</subfield></datafield><datafield ind1=" " ind2="7" tag="655"><subfield code="a">Newspapers.</subfield><subfield code="2">fast</subfield><subfield code="0">(OCoLC)fst01423814</subfield></datafield><datafield ind1=" " ind2="7" tag="651"><subfield code="a">New York (State)</subfield><subfield code="z">New York.</subfield><subfield code="2">fast</subfield><subfield code="0">(OCoLC)fst01204333</subfield></datafield><datafield ind1=" " ind2="7" tag="651"><subfield code="a">New York (State)</subfield><subfield code="z">New York County.</subfield><subfield code="2">fast</subfield><subfield code="0">(OCoLC)fst01234953</subfield></datafield><datafield ind1="2" ind2=" " tag="710"><subfield code="a">National Reform Association (U.S. : 1864-)</subfield></datafield><datafield ind1=" " ind2=" " tag="752"><subfield code="a">United States</subfield><subfield code="b">New York</subfield><subfield code="c">New York</subfield><subfield code="d">New York.</subfield></datafield><datafield ind1="1" ind2=" " tag="776"><subfield code="t">Subterranean and the Working man's advocate</subfield><subfield code="w">(DLC)sn 83030394</subfield><subfield code="w">(OCoLC)9486222</subfield></datafield><datafield ind1="0" ind2="0" tag="780"><subfield code="t">Subterranean united with the Working man's advocate (Online)</subfield><subfield code="w">(DLC)  2006255187</subfield><subfield code="w">(OCoLC)65388149</subfield></datafield><datafield ind1="1" ind2="6" tag="785"><subfield code="t">Subterranean (New York, N.Y. : 1844 : Online)</subfield><subfield code="w">(DLC)  2007233771</subfield><subfield code="w">(OCoLC)70834732</subfield></datafield><datafield ind1="1" ind2="6" tag="785"><subfield code="t">Working man's advocate (New York, N.Y. : Dec. 1844 : Online)</subfield><subfield code="w">(DLC)  2007233773</subfield><subfield code="w">(OCoLC)70834554</subfield></datafield><datafield ind1="4" ind2="0" tag="856"><subfield code="u">http://proquest.umi.com/pqdweb</subfield></datafield></record>